@misc{WinNT,
  title = {{MS Windows NT} Kernel Description},
  howpublished = {\url{https://msdn.microsoft.com/en-us/library/bb425822.aspx#linqtosql_topic13}},
  note = {Accessed: 2010-09-30}
}